<?xml version="1.0" encoding="UTF-8"?><collection xmlns="http://www.loc.gov/MARC21/slim"><record><leader>00342nam--2200121-i-4500</leader><controlfield tag="001">000046408</controlfield><controlfield tag="002">20161230</controlfield><controlfield tag="005">20161230201045</controlfield><controlfield tag="008">060222s1000------------r-----000-0-eng-d</controlfield><datafield ind1=" " ind2=" " tag="080"><subfield code="a">621.039.9:574(061.3)</subfield></datafield><datafield ind1=" " ind2=" " tag="245"><subfield code="a">The use of nuclear techniques to improve domestic buffalo production in asia</subfield></datafield><datafield ind1=" " ind2=" " tag="260"><subfield code="a">Vienna, Iaea, 1984, 218p</subfield></datafield><datafield ind1=" " ind2=" " tag="852"><subfield code="a">72093</subfield></datafield></record></collection>